@book{skript,
 author = {Prof. Dr. Detlef Kr√∂mker},
 title = {Vorlesung 1: Computer - Algorithmus - Programm}
}

@misc{vNA-Wikipedia,
 title = {Von Neumann architecture},
 url = {https://en.wikipedia.org/wiki/Von_Neumann_architecture},
 urldate = {2017-10-25}
}

@misc{hA-Wikipedia,
 title = {Harvard architecture},
 url = {https://en.wikipedia.org/wiki/Harvard_architecture},
 urldate = {2017-10-25}
}

@misc{typisierung-Wikipedia,
 title = {Typisierung},
 url = {https://de.wikipedia.org/wiki/Typisierung_(Informatik)},
 urldate = {2017-10-25}
}

@misc{python-docs,
 title = {Python Docs},
 url = {https://docs.python.org/3/},
 urldate = {2017-10-25}
}